@article{pennebaker1969hillock,
  title={Hillock growth and stress relief in sputtered Au films},
  author={Pennebaker, W B},
  journal={Journal of Applied Physics},
  volume={40},
  number={1},
  pages={394--400},
  year={1969},
  publisher={AIP}
}
@article{dheurle1968structure,
  title={On the structure of aluminum films},
  author={D'Heurle, F and Berenbaum, L and Rosenberg, R},
  journal={Transactions of the Metallurgical Society AIME},
  volume={242},
  number={3},
  pages={502--511},
  year={1968}
}
@article{caswell1963low,
  title={Low-Temperature Properties of Evaporated Lead Films},
  author={Caswell, H L and Priest, J R and Budo, Y},
  journal={Journal of Applied Physics},
  volume={34},
  number={11},
  pages={3261--3266},
  year={1963},
  publisher={AIP}
}
@article{mullins1957theory,
  title={Theory of thermal grooving},
  author={Mullins, William W},
  journal={Journal of Applied Physics},
  volume={28},
  number={3},
  pages={333--339},
  year={1957},
  publisher={AIP}
}
@article{rhead1963surface,
  title={Surface self-diffusion and faceting on silver},
  author={Rhead, G E},
  journal={Acta Metallurgica},
  volume={11},
  number={9},
  pages={1035--1042},
  year={1963},
  publisher={Elsevier}
}
@article{parikh1958effect,
  title={Effect of atmosphere on surface tension of glass},
  author={Parikh, NM},
  journal={Journal of the American Ceramic Society},
  volume={41},
  number={1},
  pages={18--22},
  year={1958},
  publisher={Wiley Online Library}
}
@article{inman1963interfacial,
  title={Interfacial energy and composition in metals and alloys},
  author={Inman, MC and Tipler, HR},
  journal={Metallurgical Reviews},
  volume={8},
  number={1},
  pages={105--166},
  year={1963},
  publisher={Taylor \& Francis}
}
@article{bradshaw1964surface,
  title={The surface self-diffusion of copper as affected by environment},
  author={Bradshaw, FJ and Brandon, RH and Wheeler, C},
  journal={Acta Metallurgica},
  volume={12},
  number={9},
  pages={1057--1063},
  year={1964},
  publisher={Elsevier}
}
@article{grenga1976surface,
  title={Surface energy anisotropy of iron},
  author={Grenga, Helen E and Kumar, Rajinder},
  journal={Surface Science},
  volume={61},
  number={1},
  pages={283--290},
  year={1976},
  publisher={Elsevier}
}
@ARTICLE{combe00,
  author = {Combe, N. and Jensen, P. and Pimpinelli, A.},
  title = {Changing shapes in the nanoworld},
  journal = {Physical Review Letters},
  year = {2000},
  volume = {85},
  pages = {110-113},
  file = {:C\:\\Users\\Lazzari\\Documents\\Biblio_RL\\Plasmonics\\SDRS_Sputtering\\2000_Combe_PhysRevLett_reshaping.pdf:PDF},
  owner = {Lazzari},
  timestamp = {2012.11.01}
}
@article{fiala1975surface,
  title={Surface and grain boundary energies of silver at oxygen pressures lower than {$10^{- 15}$} Pa},
  author={Fiala, J and {\'C}adek, J},
  journal={Philosophical Magazine},
  volume={32},
  number={1},
  pages={251--255},
  year={1975},
  publisher={Taylor \& Francis}
}
@article{kudrman1969relative,
  title={Relative grain boundary free energy and surface free energy of some metals and alloys},
  author={Kudrman, J and {\v{C}}adek, J},
  journal={Czechoslovak Journal of Physics},
  volume={19},
  number={11},
  pages={1337--1342},
  year={1969},
  publisher={Springer}
}
@article{rhead1965surface,
  title={Surface self-diffusion of silver in various atmospheres},
  author={Rhead, G E},
  journal={Acta metallurgica},
  volume={13},
  number={3},
  pages={223--226},
  year={1965},
  publisher={Elsevier}
}
@article{taylor1992ii,
  title={{II}â€”{M}ean curvature and weighted mean curvature},
  author={Taylor, Jean E},
  journal={Acta Metallurgica et Materialia},
  volume={40},
  number={7},
  pages={1475--1485},
  year={1992},
  publisher={Elsevier}
}
@techreport{brandon1966mobility,
  title={The mobility of the surface atoms of copper and silver evaporated deposits},
  author={Brandon, R and Bradshaw, F J },
  year={1966},
  institution={Royal Aircraft Establishment Farnborough (U. K.)}
}
@article{manuela2013dewetting,
  title={Dewetting of {A}u and {A}u{P}t alloy films: a dewetting zone model},
  author={M{\"u}ller, Claudia Manuela and Spolenak, Ralph},
  journal={Journal of Applied Physics},
  volume={113},
  number={9},
  pages={094301},
  year={2013},
  publisher={AIP}
}
@article{thompson2012solid,
  title={Solid-state dewetting of thin films},
  author={Thompson, C V},
  journal={Annual Review of Materials Research},
  volume={42},
  pages={399--434},
  year={2012},
  publisher={Annual Reviews}
}
@article{presland1972hillock,
  title={Hillock formation by surface diffusion on thin silver films},
  author={Presland, AE B and Price, GL  and Trimm, D L },
  journal={Surface Science},
  volume={29},
  number={2},
  pages={424--434},
  year={1972},
  publisher={Elsevier}
}
@article{herzinger1998ellipsometric,
  title={Ellipsometric determination of optical constants for silicon and thermally grown silicon dioxide via a multi-sample, multi-wavelength, multi-angle investigation},
  author={Herzinger, CM and Johs, B and McGahan, WA and Woollam, John A and Paulson, W},
  journal={Journal of Applied Physics},
  volume={83},
  number={6},
  pages={3323--3336},
  year={1998},
  publisher={AIP}
}
@article{oates2005evolution,
  title={Evolution of plasmon resonances during plasma deposition of silver nanoparticles},
  author={Oates, TWH and M{\"u}cklich, A},
  journal={Nanotechnology},
  volume={16},
  number={11},
  pages={2606},
  year={2005},
  publisher={IOP Publishing}
}
@article{presland1972role,
  title={The role of microstructure and surface energy in hole growth and island formation in thin silver films},
  author={Presland, A E B and Price, G L and Trimm, D L},
  journal={Surface Science},
  volume={29},
  number={2},
  pages={435--446},
  year={1972},
  publisher={Elsevier}
}
@article{sharma1980agglomeration,
  title={Agglomeration in chemically deposited silver films},
  author={Sharma, S K and Spitz, J},
  journal={Thin Solid Films},
  volume={66},
  number={3},
  pages={L51--L53},
  year={1980},
  publisher={Elsevier}
}
@article{sharma1980hillock,
  title={Hillock formation, hole growth and agglomeration in thin silver films},
  author={Sharma, S K and Spitz, J},
  journal={Thin Solid Films},
  volume={65},
  number={3},
  pages={339--350},
  year={1980},
  publisher={Elsevier}
}
@article{sharma1986hillock,
  title={Hillock formation and agglomeration in silver films prepared by thermal evaporation},
  author={Sharma, S K and Rao, S U M and Kumar, N },
  journal={Thin Solid Films},
  volume={142},
  number={1},
  pages={L95--L98},
  year={1986},
  publisher={Elsevier}
}
@article{murray2007plasmonic,
  title={Plasmonic materials},
  author={Murray, W Andrew and Barnes, William L},
  journal={Advanced materials},
  volume={19},
  number={22},
  pages={3771--3782},
  year={2007},
  publisher={Wiley Online Library}
}
@article{dannenberg2000situ,
  title={{\textit In-situ} {TEM} observations of abnormal grain growth, coarsening, and substrate de-wetting in nanocrystalline {A}g thin films},
  author={Dannenberg, Rand and Stach, EA and Groza, JR and Dresser, BJ},
  journal={Thin Solid Films},
  volume={370},
  number={1},
  pages={54--62},
  year={2000},
  publisher={Elsevier}
}
@article{jiran1990capillary,
  title={Capillary instabilities in thin films},
  author={Jiran, E and Thompson, CV},
  journal={Journal of Electronic Materials},
  volume={19},
  number={11},
  pages={1153--1160},
  year={1990},
  publisher={Springer}
}
@article{kwon2003comparison,
  title={Comparison of the agglomeration behavior of {A}u and {C}u films sputter deposited on silicon dioxide},
  author={Kwon, Jang-Yeon and Yoon, Tae-Sik and Kim, Ki-Bum and Min, Seok-Hong},
  journal={Journal of Applied Physics},
  volume={93},
  number={6},
  pages={3270--3278},
  year={2003},
  publisher={AIP}
}
@article{muller2010microstructure,
  title={Microstructure evolution during dewetting in thin {A}u films},
  author={M{\"u}ller, Claudia Manuela and Spolenak, Ralph},
  journal={Acta Materialia},
  volume={58},
  number={18},
  pages={6035--6045},
  year={2010},
  publisher={Elsevier}
}
@article{jang2015crystallographic,
  title={Crystallographic analysis of the solid-state dewetting of polycrystalline gold film using automated indexing in a transmission electron microscope},
  author={Jang, SA and Lee, HJ and Thompson, CV and Ross, CA and Oh, YJ},
  journal={APL Materials},
  volume={3},
  number={12},
  pages={126103},
  year={2015},
  publisher={AIP Publishing}
}
@article{gadkari2005comparison,
  title={Comparison of the agglomeration behavior of thin metallic films on {S}i{O}{$_2$}},
  author={Gadkari, PR and Warren, AP and Todi, RM and Petrova, RV and Coffey, KR},
  journal={Journal of Vacuum Science \& Technology A: Vacuum, Surfaces, and Films},
  volume={23},
  number={4},
  pages={1152--1161},
  year={2005},
  publisher={AVS}
}
@article{atiya2014solid,
  title={Solid-state dewetting of {P}t on (100) {S}r{T}i{O}{$_3$}},
  author={Atiya, Galit and Mikhelashvili, Vissarion and Eisenstein, Gadi and Kaplan, Wayne D},
  journal={Journal of Materials Science},
  volume={49},
  number={11},
  pages={3863--3874},
  year={2014},
  publisher={Springer}
}
@article{jahangir2014situ,
  title={{\textit In-situ} investigation of thermal instabilities and solid state dewetting in polycrystalline platinum thin films via confocal laser microscopy},
  author={Jahangir, S and Cheng, Xuan and Huang, HH and Ihlefeld, J and Nagarajan, V},
  journal={Journal of Applied Physics},
  volume={116},
  number={16},
  pages={163511},
  year={2014},
  publisher={AIP Publishing}
}
@article{atiya2014role,
  title={The role of abnormal grain growth on solid-state dewetting kinetics},
  author={Atiya, Galit and Chatain, Dominique and Mikhelashvili, Vissarion and Eisenstein, Gadi and Kaplan, Wayne D},
  journal={Acta Materialia},
  volume={81},
  pages={304--314},
  year={2014},
  publisher={Elsevier}
}
@article{kosinova2014role,
  title={The role of grain boundary sliding in solid-state dewetting of thin polycrystalline films},
  author={Kosinova, Anna and Klinger, Leonid and Kovalenko, Oleg and Rabkin, Eugen},
  journal={Scripta Materialia},
  volume={82},
  pages={33--36},
  year={2014},
  publisher={Elsevier}
}
@article{zucker2016mechanism,
  title={The mechanism of corner instabilities in single-crystal thin films during dewetting},
  author={Zucker, Rachel V and Kim, Gye Hyun and Ye, Jongpil and Carter, W Craig and Thompson, Carl V},
  journal={Journal of Applied Physics},
  volume={119},
  number={12},
  pages={125306},
  year={2016},
  publisher={AIP Publishing}
}
@article{rabkin2014solid,
  title={Solid state dewetting and stress relaxation in a thin single crystalline {N}i film on sapphire},
  author={Rabkin, E and Amram, D and Alster, E},
  journal={Acta Materialia},
  volume={74},
  pages={30--38},
  year={2014},
  publisher={Elsevier}
}
@article{leroy2013influence,
  title={Influence of facets on solid state dewetting mechanisms: comparison between {G}e and {S}i on {S}i{O}{$_2$}},
  author={Leroy, F and Cheynis, F and Passanante, T and M{\"u}ller, P},
  journal={Physical Review B},
  volume={88},
  number={3},
  pages={035306},
  year={2013},
  publisher={APS}
}
@article{cheynis2013dynamics,
  title={Dynamics and instability of solid-state dewetting},
  author={Cheynis, Fabien and Leroy, Fr{\'e}d{\'e}ric and M{\"u}ller, Pierre},
  journal={Comptes Rendus Physique},
  volume={14},
  number={7},
  pages={578--589},
  year={2013},
  publisher={Elsevier}
}
@article{zucker2013model,
  title={A model for solid-state dewetting of a fully-faceted thin film},
  author={Zucker, Rachel V and Kim, Gye Hyun and Carter, W Craig and Thompson, Carl V},
  journal={Comptes Rendus Physique},
  volume={14},
  number={7},
  pages={564--577},
  year={2013},
  publisher={Elsevier}
}
@article{simrick2012thermal,
  title={Thermal stability of silver thin films on zirconia substrates},
  author={Simrick, NJ and Kilner, JA and Atkinson, A},
  journal={Thin Solid Films},
  volume={520},
  number={7},
  pages={2855--2867},
  year={2012},
  publisher={Elsevier}
}
@article{morawiec2013self,
  title={Self-assembled silver nanoparticles for plasmon-enhanced solar cell back reflectors: correlation between structural and optical properties},
  author={Morawiec, Seweryn and Mendes, Manuel J and Mirabella, Salvatore and Simone, Francesca and Priolo, Francesco and Crupi, Isodiana},
  journal={Nanotechnology},
  volume={24},
  number={26},
  pages={265601},
  year={2013},
  publisher={IOP Publishing}
}
@article{kim2002thickness,
  title={Thickness dependence on the thermal stability of silver thin films},
  author={Kim, HC and Alford, TL and Allee, DR},
  journal={Applied Physics Letters},
  volume={81},
  number={22},
  pages={4287--4289},
  year={2002},
  publisher={AIP}
}
@article{thompson1990grain,
  title={Grain growth in thin films},
  author={Thompson, Carl V},
  journal={Annual Review of Materials Science},
  volume={20},
  number={1},
  pages={245--268},
  year={1990},
  publisher={Annual Reviews 4139 El Camino Way, PO Box 10139, Palo Alto, CA 94303-0139, USA}
}
@book{hull2001introduction,
  title={Introduction to dislocations},
  author={Hull, Derek and Bacon, David J},
  year={2001},
  publisher={Butterworth-Heinemann}
}
@article{mullins1986statistical,
  title={The statistical self-similarity hypothesis in grain growth and particle coarsening},
  author={Mullins, WW},
  journal={Journal of Applied Physics},
  volume={59},
  number={4},
  pages={1341--1349},
  year={1986},
  publisher={AIP}
}
@article{hillert1965theory,
  title={On the theory of normal and abnormal grain growth},
  author={Hillert, M},
  journal={Acta metallurgica},
  volume={13},
  number={3},
  pages={227--238},
  year={1965},
  publisher={Elsevier}
}
@article{couturier20053d,
  title={3{D} finite element simulation of the inhibition of normal grain growth by particles},
  author={Couturier, Ga{\"e}l and Doherty, Roger and Maurice, Claire and Fortunier, Roland},
  journal={Acta Materialia},
  volume={53},
  number={4},
  pages={977--989},
  year={2005},
  publisher={Elsevier}
}
@article{mullins1958effect,
  title={The effect of thermal grooving on grain boundary motion},
  author={Mullins, WW},
  journal={Acta metallurgica},
  volume={6},
  number={6},
  pages={414--427},
  year={1958},
  publisher={Elsevier}
}
@article{genin1992capillary,
  title={Capillary instabilities in thin films: A model of thermal pitting at grain boundary vertices},
  author={Genin, FY and Mullins, WW and Wynblatt, P},
  journal={Acta Metallurgica et Materialia},
  volume={40},
  number={12},
  pages={3239--3248},
  year={1992},
  publisher={Elsevier}
}
@article{klinger2011kinetics,
  title={Kinetics of a retracting solid film edge: The case of high surface anisotropy},
  author={Klinger, Leonid and Amram, Dor and Rabkin, Eugen},
  journal={Scripta Materialia},
  volume={64},
  number={10},
  pages={962--965},
  year={2011},
  publisher={Elsevier}
}
@article{amram2014grain,
  title={Grain boundary grooving in thin films revisited: the role of interface diffusion},
  author={Amram, D and Klinger, L and Gazit, N and Gluska, H and Rabkin, E},
  journal={Acta Materialia},
  volume={69},
  pages={386--396},
  year={2014},
  publisher={Elsevier}
}
@article{jiran1992capillary,
  title={Capillary instabilities in thin, continuous films},
  author={Jiran, E and Thompson, CV},
  journal={Thin Solid Films},
  volume={208},
  number={1},
  pages={23--28},
  year={1992},
  publisher={Elsevier}
}
@article{frost1990simulation,
  title={Simulation of thin film grain structuresâ€”I. {G}rain growth stagnation},
  author={Frost, HJ and Thompson, CV and Walton, DT},
  journal={Acta Metallurgica et Materialia},
  volume={38},
  number={8},
  pages={1455--1462},
  year={1990},
  publisher={Elsevier}
}
@article{derkach2014grain,
  title={Grain boundary migration and grooving in thin 3-{D} systems},
  author={Derkach, Vadim and Novick-Cohen, Amy and Vilenkin, Arkady and Rabkin, Eugen},
  journal={Acta Materialia},
  volume={65},
  pages={194--206},
  year={2014},
  publisher={Elsevier}
}
@article{kovalenko2013solid,
  title={Solid-state dewetting of thin iron films on sapphire substrates controlled by grain boundary diffusion},
  author={Kovalenko, O and Greer, JR and Rabkin, E},
  journal={Acta Materialia},
  volume={61},
  number={9},
  pages={3148--3156},
  year={2013},
  publisher={Elsevier}
}
@article{kosinova2015mechanisms,
  title={Mechanisms of solid-state dewetting of thin Au films in different annealing atmospheres},
  author={Kosinova, Anna and Kovalenko, Oleg and Klinger, Leonid and Rabkin, Eugen},
  journal={Acta Materialia},
  volume={83},
  pages={91--101},
  year={2015},
  publisher={Elsevier}
}
@incollection{gromov2011heterogeneous,
  title={Heterogeneous Melting in Low-Dimensional Systems and Accompanying Surface Effects},
  author={Gromov, Dmitry G and Gavrilov, Sergey A},
  booktitle={Thermodynamics-Physical Chemistry of Aqueous Systems},
  year={2011},
  publisher={InTech}
}
@article{takagi1954electron,
  title={Electron-diffraction study of liquid-solid transition of thin metal films},
  author={Takagi, Mieko},
  journal={Journal of the Physical Society of Japan},
  volume={9},
  number={3},
  pages={359--363},
  year={1954},
  publisher={The Physical Society of Japan}
}
@article{stankic2013equilibrium,
  title={Equilibrium shapes of supported silver clusters},
  author={Stankic, Slavica and Cortes-Huerto, Robinson and Crivat, Nicoleta and Demaille, Dominique and Goniakowski, Jacek and Jupille, Jacques},
  journal={Nanoscale},
  volume={5},
  number={6},
  pages={2448--2453},
  year={2013},
  publisher={Royal Society of Chemistry}
}
@article{vitos1998surface,
  title={The surface energy of metals},
  author={Vitos, Levente and Ruban, AV and Skriver, Hans Lomholt and Kollar, J},
  journal={Surface Science},
  volume={411},
  number={1},
  pages={186--202},
  year={1998},
  publisher={Elsevier}
}
@article{buttner1952adsorption,
  title={Adsorption of oxygen on silver},
  author={Buttner, FH and Funk, ER and Udin, H},
  journal={The Journal of Physical Chemistry},
  volume={56},
  number={5},
  pages={657--660},
  year={1952},
  publisher={ACS Publications}
}
@article{tyson1977surface,
  title={Surface free energies of solid metals: Estimation from liquid surface tension measurements},
  author={Tyson, WR and Miller, WA},
  journal={Surface Science},
  volume={62},
  number={1},
  pages={267--276},
  year={1977},
  publisher={Elsevier}
}
@article{kumikov1983measurement,
  title={On the measurement of surface free energy and surface tension of solid metals},
  author={Kumikov, VK and Khokonov, Kh B},
  journal={Journal of Applied Physics},
  volume={54},
  number={3},
  pages={1346--1350},
  year={1983},
  publisher={AIP}
}
@article{sundquist1964direct,
  title={A direct determination of the anisotropy of the surface free energy of solid gold, silver, copper, nickel, and alpha and gamma iron},
  author={Sundquist, BE},
  journal={Acta Metallurgica},
  volume={12},
  number={1},
  pages={67--86},
  year={1964},
  publisher={Elsevier}
}
@book{heitjans2006diffusion,
  title={Diffusion in condensed matter: methods, materials, models},
  author={Heitjans, Paul and K{\"a}rger, J{\"o}rg},
  year={2006},
  publisher={Springer Science \& Business Media}
}
@article{agrawal2002predicting,
  title={Predicting trends in rate parameters for self-diffusion on FCC metal surfaces},
  author={Agrawal, Paras M and Rice, Betsy M and Thompson, Donald L},
  journal={Surface Science},
  volume={515},
  number={1},
  pages={21--35},
  year={2002},
  publisher={Elsevier}
}
@article{michaelides2003structures,
  title={Structures and thermodynamic phase transitions for oxygen and silver oxide phases on {A}g $\{$111$\}$},
  author={Michaelides, A and Bocquet, M-L and Sautet, P and Alavi, A and King, DA},
  journal={Chemical Physics Letters},
  volume={367},
  number={3},
  pages={344--350},
  year={2003},
  publisher={Elsevier}
}
@article{rehren1991interaction,
  title={The interaction of silver with oxygen},
  author={Rehren, C and Muhler, M and Bao, X and Schl{\"o}gl, R and Ertl, G},
  journal={Zeitschrift f{\"u}r Physikalische Chemie},
  volume={174},
  number={Part\_1},
  pages={11--52},
  year={1991}
}
@article{levard2012environmental,
  title={Environmental transformations of silver nanoparticles: impact on stability and toxicity},
  author={Levard, Clement and Hotze, E Matt and Lowry, Gregory V and Brown Jr, Gordon E},
  journal={Environ. Sci. Technol},
  volume={46},
  number={13},
  pages={6900--6914},
  year={2012},
  publisher={ACS Publications}
}
@article{campbell2006transition,
  title={Transition metal oxides: extra thermodynamic stability as thin films},
  author={Campbell, Charles T},
  journal={Physical review letters},
  volume={96},
  number={6},
  pages={066106},
  year={2006},
  publisher={APS}
}
@article{nagy1999correlation,
  title={The correlation of subsurface oxygen diffusion with variations of silver morphology in the silver--oxygen system},
  author={Nagy, Anton J and Mestl, Gerhard and Herein, Daniel and Weinberg, Gisela and Kitzelmann, Edith and Schl{\"o}gl, Robert},
  journal={Journal of Catalysis},
  volume={182},
  number={2},
  pages={417--429},
  year={1999},
  publisher={Elsevier}
}
@article{bao1996interaction,
  title={Interaction of oxygen with silver at high temperature and atmospheric pressure: a spectroscopic and structural analysis of a strongly bound surface species},
  author={Bao, X and Muhler, M and Schedel-Niedrig, Th and Schl{\"o}gl, R},
  journal={Physical Review B},
  volume={54},
  number={3},
  pages={2249},
  year={1996},
  publisher={APS}
}
@article{engelhardt1976adsorption,
  title={Adsorption of oxygen on silver single crystal surfaces},
  author={Engelhardt, HA and Menzel, D},
  journal={Surface Science},
  volume={57},
  number={2},
  pages={591--618},
  year={1976},
  publisher={Elsevier}
}
@article{yoshihara1979effect,
  title={The effect of oxygen potential on the surface self-diffusion coefficient of silver},
  author={Yoshihara, Kazuhiro and Nii, Kazuyoshi},
  journal={Transactions of the Japan Institute of Metals},
  volume={20},
  number={9},
  pages={533--542},
  year={1979},
  publisher={The Japan Institute of Metals}
}
@article{leroy2016control,
  title={How to control solid state dewetting: a short review},
  author={Leroy, F and Cheynis, F and Almadori, Y and Curiotto, S and Trautmann, M and Barbe, JC and M{\"u}ller, P and others},
  journal={Surface Science Reports},
  volume={71},
  number={2},
  pages={391--409},
  year={2016},
  publisher={Elsevier}
}
@article{schmidl2015formation,
  title={Formation and characterization of silver nanoparticles embedded in optical transparent materials for plasmonic sensor surfaces},
  author={Schmidl, G and Dellith, J and Schneidewind, H and Zopf, D and Stranik, O and Gawlik, A and Anders, S and Tympel, V and Katzer, C and Schmidl, F and others},
  journal={Materials Science and Engineering: B},
  volume={193},
  pages={207--216},
  year={2015},
  publisher={Elsevier}
}
@article{naffouti2016fabrication,
  title={Fabrication of poly-crystalline {S}i-based {M}ie resonators via amorphous {S}i on {S}iO{$_2$} dewetting},
  author={Naffouti, Meher and David, Thomas and Benkouider, Abdelmalek and Favre, Luc and Ronda, Antoine and Berbezier, Isabelle and Bidault, Sebastien and Bonod, Nicolas and Abbarchi, Marco},
  journal={Nanoscale},
  volume={8},
  number={5},
  pages={2844--2849},
  year={2016},
  publisher={The Royal Society of Chemistry}
}
@article{pandey2017morphological,
  title={Morphological and Optical Evolution of Silver Nanoparticles on Sapphire (0001) Along With the Concurrent Influence of Diffusion, Ostwald's Ripening, and Sublimation},
  author={Pandey, Puran and Kunwar, Sundar and Sui, Mao and Zhang, Quanzhen and Li, Ming-Yu and Lee, Jihoon},
  journal={IEEE Transactions on Nanotechnology},
  volume={16},
  number={2},
  pages={321--332},
  year={2017},
  publisher={IEEE}
}
@article{ruffino2014self,
  title={Self-organized patterned arrays of {A}u and {A}g nanoparticles by thickness-dependent dewetting of template-confined films},
  author={Ruffino, Francesco and Grimaldi, MG},
  journal={Journal of Materials Science},
  volume={49},
  number={16},
  pages={5714--5729},
  year={2014},
  publisher={Springer}
}
@article{tanyeli2013effect,
  title={Effect of surface type on structural and optical properties of {A}g nanoparticles formed by dewetting},
  author={Tanyeli, Irem and Nasser, Hisham and Es, Firat and Bek, Alpan and Turan, Ra{\c{s}}it},
  journal={Optics Express},
  volume={21},
  number={105},
  pages={A798--A807},
  year={2013},
  publisher={Optical Society of America}
}
@article{kunwar2016ag,
  title={{A}g nanostructures on {G}a{N} (0001): morphology evolution controlled by the solid state dewetting of thin films and corresponding optical properties},
  author={Kunwar, Sundar and Sui, Mao and Zhang, Quanzhen and Pandey, Puran and Li, Ming-Yu and Lee, Jihoon},
  journal={Crystal Growth \& Design},
  volume={16},
  number={12},
  pages={6974--6983},
  year={2016},
  publisher={ACS Publications}
}
@article{kalfagiannis2016selective,
  title={Selective modification of nanoparticle arrays by laser-induced self assembly ({MONA-LISA}): putting control into bottom-up plasmonic nanostructuring},
  author={Kalfagiannis, Nikolaos and Siozios, Anastasios and Bellas, Dimitris V and Toliopoulos, Dimosthenis and Bowen, Leon and Pliatsikas, Nikolaos and Cranton, Wayne M and Kosmidis, Constantinos and Koutsogeorgis, Demosthenes C and Lidorikis, Elefterios and others},
  journal={Nanoscale},
  volume={8},
  number={15},
  pages={8236--8244},
  year={2016},
  publisher={Royal Society of Chemistry}
}
@article{trice2007pulsed,
  title={Pulsed-laser-induced dewetting in nanoscopic metal films: Theory and experiments},
  author={Trice, Justin and Thomas, Dennis and Favazza, Christopher and Sureshkumar, Radhakrishna and Kalyanaraman, Ramki},
  journal={Physical Review B},
  volume={75},
  number={23},
  pages={235439},
  year={2007},
  publisher={APS}
}
@article{siozios2015sub,
  title={Sub-surface laser nanostructuring in stratified metal/dielectric media: a versatile platform towards flexible, durable and large-scale plasmonic writing},
  author={Siozios, A and Kalfagiannis, N and Bellas, DV and Bazioti, C and Dimitrakopulos, GP and Vourlias, G and Cranton, WM and Lidorikis, E and Koutsogeorgis, DC and Patsalas, P},
  journal={Nanotechnology},
  volume={26},
  number={15},
  pages={155301},
  year={2015},
  publisher={IOP Publishing}
}
@article{makarov2016controllable,
  title={Controllable femtosecond laser-induced dewetting for plasmonic applications},
  author={Makarov, Sergey V and Milichko, Valentin A and Mukhin, Ivan S and Shishkin, Ivan I and Zuev, Dmitry A and Mozharov, Alexey M and Krasnok, Alexander E and Belov, Pavel A},
  journal={Laser \& Photonics Reviews},
  volume={10},
  number={1},
  pages={91--99},
  year={2016},
  publisher={Wiley Online Library}
}
@article{panagiotopoulos2015self,
  title={Self-assembled plasmonic templates produced by microwave annealing: applications to surface-enhanced Raman scattering},
  author={Panagiotopoulos, NT and Kalfagiannis, N and Vasilopoulos, KC and Pliatsikas, N and Kassavetis, S and Vourlias, G and Karakassides, MA and Patsalas, P},
  journal={Nanotechnology},
  volume={26},
  number={20},
  pages={205603},
  year={2015},
  publisher={IOP Publishing}
}
@article{yu2016structural,
  title={Structural coloring of glass using dewetted nanoparticles and ultrathin films of metals},
  author={Yu, Renwen and Mazumder, Prantik and Borrelli, Nick F and Carrilero, Albert and Ghosh, Dhriti S and Maniyara, Rinu A and Baker, David and Garcia de Abajo, F Javier and Pruneri, Valerio},
  journal={ACS Photonics},
  volume={3},
  number={7},
  pages={1194--1201},
  year={2016},
  publisher={ACS Publications}
}
@article{yoshino2012effects,
  title={Effects of process conditions on nano-dot array formation by thermal dewetting},
  author={Yoshino, Masahiko and Osawa, Hiroki and Yamanaka, Akinori},
  journal={Journal of Manufacturing Processes},
  volume={14},
  number={4},
  pages={478--486},
  year={2012},
  publisher={Elsevier}
}
@article{mizsei2001situ,
  title={{\textit In situ} {AFM}, {XRD} and resistivity studies of the agglomeration of sputtered silver nanolayers},
  author={Mizsei, J and Lantto, V},
  journal={Journal of Nanoparticle Research},
  volume={3},
  number={4},
  pages={271--278},
  year={2001},
  publisher={Springer}
}
@article{kosinova2017indentation,
  title={Indentation-induced solid-state dewetting of thin {A}u ({F}e) films},
  author={Kosinova, Anna and Schwaiger, Ruth and Klinger, Leonid and Rabkin, Eugen},
  journal={Applied Surface Science},
  volume={411},
  pages={466--475},
  year={2017},
  publisher={Elsevier}
}
@article{ye2011templated,
  title={Templated Solid-State Dewetting to Controllably Produce Complex Patterns},
  author={Ye, Jongpil and Thompson, Carl V},
  journal={Advanced Materials},
  volume={23},
  number={13},
  pages={1567--1571},
  year={2011},
  publisher={Wiley Online Library}
}
@article{farzinpour2012altering,
  title={Altering the dewetting characteristics of ultrathin gold and silver films using a sacrificial antimony layer},
  author={Farzinpour, P and Sundar, A and Gilroy, KD and Eskin, ZE and Hughes, RA and Neretina, S},
  journal={Nanotechnology},
  volume={23},
  number={49},
  pages={495604},
  year={2012},
  publisher={IOP Publishing}
}
@article{giermann2005solid,
  title={Solid-state dewetting for ordered arrays of crystallographically oriented metal particles},
  author={Giermann, Amanda L and Thompson, Carl V},
  journal={Applied Physics Letters},
  volume={86},
  number={12},
  pages={121903},
  year={2005},
  publisher={AIP}
}
@article{giermann2011requirements,
  title={Requirements for graphoepitaxial alignment through solid-state dewetting of {A}u films},
  author={Giermann, AL and Thompson, CV},
  journal={Journal of Applied Physics},
  volume={109},
  number={8},
  pages={083520},
  year={2011},
  publisher={AIP}
}
@article{oh2009cobalt,
  title={Cobalt Nanoparticle Arrays made by Templated Solid-State Dewetting},
  author={Oh, Yong-Jun and Ross, Caroline A and Jung, Yeon Sik and Wang, Yang and Thompson, Carl V},
  journal={Small},
  volume={5},
  number={7},
  pages={860--865},
  year={2009},
  publisher={Wiley Online Library}
}
@article{petersen2008dewetting,
  title={Dewetting of {N}i and {N}i{A}g solid thin films and formation of nanowires on ripple patterned substrates},
  author={Petersen, J and Mayr, SG},
  journal={Journal of Applied Physics},
  volume={103},
  number={2},
  pages={023520},
  year={2008},
  publisher={AIP}
}
@article{altomare2016templated,
  title={Templated dewetting: designing entirely self-organized platforms for photocatalysis},
  author={Altomare, Marco and Nguyen, Nhat Truong and Schmuki, Patrik},
  journal={Chemical Science},
  volume={7},
  number={12},
  pages={6865--6886},
  year={2016},
  publisher={Royal Society of Chemistry}
}
@article{yang2011template,
  title={Template-Confined Dewetting Process to Surface Nanopatterns: Fabrication, Structural Tunability, and Structure-Related Properties},
  author={Yang, Shikuan and Xu, Feng and Ostendorp, Stefan and Wilde, Gerhard and Zhao, Huaping and Lei, Yong},
  journal={Advanced Functional Materials},
  volume={21},
  number={13},
  pages={2446--2455},
  year={2011},
  publisher={Wiley Online Library}
}
@article{wang2016thermal,
  title={Thermal dewetting with a chemically heterogeneous nano-template for self-assembled {L}1{$_0$} {F}e{P}t nanoparticle arrays},
  author={Wang, Liang-Wei and Cheng, Chung-Fu and Liao, Jung-Wei and Wang, Chiu-Yen and Wang, Ding-Shuo and Huang, Kuo-Feng and Lin, Tzu-Ying and Ho, Rong-Ming and Chen, Lih-Juann and Lai, Chih-Huang},
  journal={Nanoscale},
  volume={8},
  number={7},
  pages={3926--3935},
  year={2016},
  publisher={Royal Society of Chemistry}
}
@article{chou1996nanoimprint,
  title={Nanoimprint lithography},
  author={Chou, Stephen Y and Krauss, Peter R and Renstrom, Preston J},
  journal={Journal of Vacuum Science \& Technology B},
  volume={14},
  number={6},
  pages={4129--4133},
  year={1996},
  publisher={AVS}
}
@article{le2014self,
  title={Self-organized ordered silver nanoparticle arrays obtained by solid state dewetting},
  author={Le Bris, A and Maloum, F and Teisseire, J and Sorin, F},
  journal={Applied Physics Letters},
  volume={105},
  number={20},
  pages={203102},
  year={2014},
  publisher={AIP Publishing}
}
@article{brakstad2015dispersion,
  title={Dispersion of polarization coupling, localized and collective plasmon modes in a metallic photonic crystal mapped by {M}ueller {M}atrix {E}llipsometry},
  author={Brakstad, Thomas and Kildemo, Morten and Ghadyani, Zahra and Simonsen, Ingve},
  journal={Optics express},
  volume={23},
  number={17},
  pages={22800--22815},
  year={2015},
  publisher={Optical Society of America}
}
@article{dubov2013superhydrophobic,
  title={Superhydrophobic silica surfaces: fabrication and stability},
  author={Dubov, AL and Perez-Toralla, K and Letailleur, A and Barthel, E and Teisseire, J},
  journal={Journal of Micromechanics and Microengineering},
  volume={23},
  number={12},
  pages={125013},
  year={2013},
  publisher={IOP Publishing}
}
@article{kreibig1969limitation,
  title={The limitation of electron mean free path in small silver particles},
  author={Kreibig, U and Fragstein, C v},
  journal={Zeitschrift f{\"u}r Physik A Hadrons and Nuclei},
  volume={224},
  number={4},
  pages={307--323},
  year={1969},
  publisher={Springer}
}
@book{bohren1983surface,
  chapter={Surface modes in small particles},
  author={Bohren, Craig F and Huffman, Donald R},
  title={Absorption and Scattering of Light by Small Particles},
  pages={325--380},
  year={1983},
  publisher={Wiley Online Library}
}
@article{mie1908beitrage,
  title={Beitr{\"a}ge zur Optik tr{\"u}ber Medien, speziell kolloidaler Metall{\"o}sungen},
  author={Mie, Gustav},
  journal={Annalen der physik},
  volume={330},
  number={3},
  pages={377--445},
  year={1908},
  publisher={Wiley Online Library}
}
@book{kreibig2013optical,
  title={Optical properties of metal clusters},
  author={Kreibig, Uwe and Vollmer, Michael},
  volume={25},
  year={2013},
  publisher={Springer Science \& Business Media}
}
@article{draine1994discrete,
  title={Discrete-dipole approximation for scattering calculations},
  author={Draine, Bruce T and Flatau, Piotr J},
  journal={Journal of the Optical Society of America A},
  volume={11},
  number={4},
  pages={1491--1499},
  year={1994},
  publisher={Optical Society of America}
}
@article{moharam1981rigorous,
  title={Rigorous coupled-wave analysis of planar-grating diffraction},
  author={Moharam, MG and Gaylord, TK},
  journal={Journal of the Optical Society of America},
  volume={71},
  number={7},
  pages={811--818},
  year={1981},
  publisher={Optical Society of America}
}
@book{jin2015finite,
  title={The finite element method in electromagnetics},
  author={Jin, Jian-Ming},
  year={2015},
  publisher={John Wiley \& Sons}
}
@article{tan2013improved,
  title={Improved light trapping in microcrystalline silicon solar cells by plasmonic back reflector with broad angular scattering and low parasitic absorption},
  author={Tan, Hairen and Sivec, Laura and Yan, Baojie and Santbergen, Rudi and Zeman, Miro and Smets, Arno HM},
  journal={Applied Physics Letters},
  volume={102},
  number={15},
  pages={153902},
  year={2013},
  publisher={AIP}
}
@article{tan2013micro,
  title={Micro-textures for efficient light trapping and improved electrical performance in thin-film nanocrystalline silicon solar cells},
  author={Tan, Hairen and Psomadaki, Efthymia and Isabella, Olindo and Fischer, Marinus and Babal, Pavel and Vasudevan, Ravi and Zeman, Miro and Smets, Arno HM},
  journal={Applied Physics Letters},
  volume={103},
  number={17},
  pages={173905},
  year={2013},
  publisher={AIP}
}
@article{grochowska2016properties,
  title={Properties of Thermally Dewetted Thin Au Films on {ITO}-Coated Glass for Biosensing Applications},
  author={Grochowska, Katarzyna and Siuzdak, Katarzyna and Karczewski, Jakub and Szkoda, Mariusz and {\'S}liwi{\'n}ski, Gerard},
  journal={Plasmonics},
  pages={1--8},
  year={2016},
  publisher={Springer}
}
@article{freestone2007lycurgus,
  title={The {L}ycurgus cup: a roman nanotechnology},
  author={Freestone, Ian and Meeks, Nigel and Sax, Margaret and Higgitt, Catherine},
  journal={Gold bulletin},
  volume={40},
  number={4},
  pages={270--277},
  year={2007},
  publisher={World Gold Council}
}
@article{schuster2015plasmonic,
  title={Plasmonic and diffractive nanostructures for light trappingâ€”an experimental comparison},
  author={Schuster, Christian S and Morawiec, Seweryn and Mendes, Manuel J and Patrini, Maddalena and Martins, Emiliano R and Lewis, Liam and Crupi, Isodiana and Krauss, Thomas F},
  journal={Optica},
  volume={2},
  number={3},
  pages={194--200},
  year={2015},
  publisher={Optical Society of America}
}
@article{atwater2010plasmonics,
  title={Plasmonics for improved photovoltaic devices},
  author={Atwater, Harry A and Polman, Albert},
  journal={Nature {M}aterials},
  volume={9},
  number={3},
  pages={205--213},
  year={2010},
  publisher={Nature Research}
}
@article{royer1987substrate,
  title={Substrate effects on surface-plasmon spectra in metal-island films},
  author={Royer, P and Goudonnet, JP and Warmack, RJ and Ferrell, TL},
  journal={Physical Review B},
  volume={35},
  number={8},
  pages={3753},
  year={1987},
  publisher={APS}
}
@article{miljkovic2012simulating,
  title={Simulating light scattering from supported plasmonic nanowires},
  author={Miljkovi{\'c}, Vladimir D and Shegai, Timur and Johansson, Peter and K{\"a}ll, Mikael},
  journal={Optics Express},
  volume={20},
  number={10},
  pages={10816--10826},
  year={2012},
  publisher={Optical Society of America}
}
@article{chateau2015gold,
  title={From gold nanobipyramids to nanojavelins for a precise tuning of the plasmon resonance to the infrared wavelengths: experimental and theoretical aspects},
  author={Chateau, D and Liotta, A and Vadcard, F and Navarro, JRG and Chaput, F and Lerm{\'e}, J and Lerouge, F and Parola, S},
  journal={Nanoscale},
  volume={7},
  number={5},
  pages={1934--1943},
  year={2015},
  publisher={Royal Society of Chemistry}
}
@book{maier2007plasmonics,
  title={Plasmonics: fundamentals and applications},
  author={Maier, Stefan Alexander},
  year={2007},
  publisher={Springer Science \& Business Media}
}
@book{kreibigbook,
  title = {Optical Properties of Metal Clusters},
  publisher = {Springer Series in Material Science, Springer Verlag},
  year = {1995},
  author = {Kreibig, U. and Vollmer, M.},
  volume = {25},
  address = {Berlin, Germany},
  abstract = {book on optical properties of clusters in matrix, free or supported
	theoryandexperimentsreview book}
}
@article{kinnan2010plasmon,
  title={Plasmon coupling in two-dimensional arrays of silver nanoparticles: II. Effect of the particle size and interparticle distance},
  author={Kinnan, Mark K and Chumanov, George},
  journal={The Journal of Physical Chemistry C},
  volume={114},
  number={16},
  pages={7496--7501},
  year={2010},
  publisher={ACS Publications}
}
@article{zou2004narrow,
  title={Narrow plasmonic/photonic extinction and scattering line shapes for one and two dimensional silver nanoparticle arrays},
  author={Zou, Shengli and Schatz, George C},
  journal={The Journal of Chemical Physics},
  volume={121},
  number={24},
  pages={12606--12612},
  year={2004},
  publisher={AIP}
}
@article{kravets2008extremely,
  title={Extremely narrow plasmon resonances based on diffraction coupling of localized plasmons in arrays of metallic nanoparticles},
  author={Kravets, VG and Schedin, F and Grigorenko, AN},
  journal={Physical Review Letters},
  volume={101},
  number={8},
  pages={087403},
  year={2008},
  publisher={APS}
}
@ARTICLE{jedrecy05,
  author = {Jedrecy, N. and Renaud, G. and Lazzari, R. and Jupille, J.},
  title = {Flat-top silver nanocrystals on the two polar faces of {ZnO}: an
	all angle {X}-ray scattering investigation},
  journal = {Phys. Rev. B},
  year = {2005},
  volume = {72},
  pages = {045430}
}
@ARTICLE{jedrecy05b,
  author = {Jedrecy, N. and Renaud, G. and Lazzari, R. and Jupille, J.},
  title = {Unstrained islands with interface coincidence sites versus strained
	islands: {X}-ray measurements on {Ag/ZnO}},
  journal = {Phys. Rev. B.},
  year = {2005},
  volume = {72},
  pages = {195404},
  owner = {Lazzari},
  timestamp = {2011.11.15}
}
@BOOK{jacksonbook,
  title = {Classical Electrodynamics},
  publisher = {Wiley \& Sons},
  year = {1975},
  editor = {Wiley},
  author = {Jackson, J.~D.},
  address = {New York}
}

@Book{palikbook,
  title     = {Handbook of Optical Constants of Solids},
  publisher = {Academic {P}ress},
  year      = {1985},
  author    = {Palik, E.~D.},
  volume    = {1-3},
  abstract  = {dielectric constants of materials},
}
@PhdThesis{chernyshevat,
  author    = {Chernysheva, E.},
  title     = {Zinc oxide growth and its interfaces with metals observed by photoemission},
  school    = {Universit\'e Pierre et Marie Curie},
  year      = {2017},
  owner     = {Lazzari},
  timestamp = {2016.12.13},
}
@BOOK{bedeauxbook,
  title = {{Optical} {Properties} of {Surfaces}},
  publisher = {Imperial College Press},
  year = {2001},
  author = {Bedeaux, D. and Vlieger, J.},
  address = {London},
  abstract = {Bedeaux - Vlieger book}
}
@ARTICLE{lazzari02d,
  author = {Lazzari, R. and Roux, S. and Simonsen, I. and Jupille, J. and Bedeaux,
	D. and Vlieger, J.},
  title = {{Multipolar} optical absorptions in supported metallic particles:
	the case of {A}g/{A}l$_2${O}$_3$(0001)},
  journal = {Physical Review B},
  year = {2002},
  volume = {65},
  pages = {235424-1}
}
@ARTICLE{lazzari14b,
  author = {Lazzari, R. and Jupille, J. and R. Cavallotti and Simonsen, I.},
  title = {Model-free unraveling of supported nanoparticles plasmon resonance
	modes},
  journal = {Journal of Physical Chemistry C},
  year = {2014},
  volume = {118},
  pages = {7032-7048},
  owner = {Lazzari},
  timestamp = {2013.12.13}
}
@ARTICLE{yamaguchi74,
  author = {Yamaguchi, T. and Yoshida, S. and Kinbara, A.},
  title = {Optical effect of the substrate on the anomalous absorption of aggregated
	silver films},
  journal = {Thin Solid Films},
  year = {1974},
  volume = {21},
  pages = {173-187},
  abstract = {dipole model for interaction with the substrate polarizability},
  editor = {elsevier}
}
@ARTICLE{chatain94,
  author = {Chatain, D. and Chabert, F. and Ghetta, V. and Fouletier, J.},
  title = {{New} experimental setup for wettability characterization under monitored
	oxygen activity : {II} {Wettability} of sapphire by silver-oxygen
	melts},
  journal = {Journal of American Ceramic Society},
  year = {1994},
  volume = {77},
  pages = {197-201},
  number = {1},
  abstract = {measure of contact angle for silver under oxygen}
}
@ARTICLE{muolo08,
  author = {Muolo, M.L. and Valenza, F. and Passerone, A. and Passerone, D.},
  title = {Oxygen influence on ceramics wettability by liquid metals: {Ag}/$\alpha$-{Al}$_2${O}$_3$:
	experiments and modelling},
  journal = {Material Science Engineering A},
  year = {2008},
  volume = {495},
  pages = {153-158},
  owner = {Lazzari},
  timestamp = {2010.11.12}
}
@article{molina2011size,
  title={Size-dependent selectivity and activity of silver nanoclusters in the partial oxidation of propylene to propylene oxide and acrolein: A joint experimental and theoretical study},
  author={Molina, Luis M and Lee, Sungsik and Sell, Kristian and Barcaro, Giovanni and Fortunelli, Alessandro and Lee, Byeongdu and Seifert, Soenke and Winans, Randall E and Elam, Jeffrey W and Pellin, Michael J and others},
  journal={Catalysis Today},
  volume={160},
  number={1},
  pages={116--130},
  year={2011},
  publisher={Elsevier}
}
@article{wulff1901xxv,
  title={Xxv. zur frage der geschwindigkeit des wachsthums und der aufl{\"o}sung der krystallfl{\"a}chen},
  author={Wulff, Georg},
  journal={Zeitschrift f{\"u}r Kristallographie-Crystalline Materials},
  volume={34},
  number={1-6},
  pages={449--530},
  year={1901}
}
@article{kaischew1951thermodynamique,
  title={Sur la thermodynamique des germes cristallins},
  author={Kaischew, R},
  journal={Bull. Acad. Sci. Bulg.(Ser. Phys.)},
  volume={2},
  pages={191},
  year={1951}
}
@article{winterbottom1967equilibrium,
  title={Equilibrium shape of a small particle in contact with a foreign substrate},
  author={Winterbottom, WL},
  journal={Acta Metallurgica},
  volume={15},
  number={2},
  pages={303--310},
  year={1967},
  publisher={Elsevier}
}
@article{weygand1999zener,
  title={Zener pinning and grain growth: a two-dimensional vertex computer simulation},
  author={Weygand, D and Br{\'e}chet, Y and L{\'e}pinoux, J},
  journal={Acta Materialia},
  volume={47},
  number={3},
  pages={961--970},
  year={1999},
  publisher={Elsevier}
}
@article{chatain2004wetting,
  title={Wetting dynamics: Spreading of metallic drops},
  author={Chatain, Dominique and Carter, W Craig},
  journal={Nature Materials},
  volume={3},
  number={12},
  pages={843--845},
  year={2004},
  publisher={Nature Publishing Group}
}
@article{binnig1986atomic,
  title={Atomic force microscope},
  author={Binnig, Gerd and Quate, Calvin F and Gerber, Ch},
  journal={Physical Review Letters},
  volume={56},
  number={9},
  pages={930},
  year={1986},
  publisher={APS}
}
@article{oatley1966scanning,
  title={Scanning electron microscopy},
  author={Oatley, CW and Nixon, WC and Pease, RFW},
  journal={Advances in Electronics and Electron Physics},
  volume={21},
  pages={181--247},
  year={1966},
  publisher={Elsevier}
}
@article{podor2015development,
  title={Development of an integrated thermocouple for the accurate sample temperature measurement during high temperature environmental scanning electron microscopy (HT-ESEM) experiments},
  author={Podor, Renaud and Pailhon, Damien and Ravaux, Johann and Brau, Henri-Pierre},
  journal={Microscopy and Microanalysis},
  volume={21},
  number={2},
  pages={307--312},
  year={2015},
  publisher={Cambridge University Press}
}
@article{rauch2008automatic,
  title={Automatic crystal orientation and phase mapping in TEM by precession diffraction},
  author={Rauch, EF and V{\'e}ron, M and Portillo, J and Bultreys, D and Maniette, Y and Nicolopoulos, S},
  journal={Microscopy and Analysis-UK},
  volume={128},
  pages={S5--S8},
  year={2008}
}
@book{warren1969x,
  title={X-ray Diffraction},
  author={Warren, Bertram Eugene},
  year={1969},
  publisher={Courier Corporation}
}
@article{van2014scikit,
  title={scikit-image: image processing in {P}ython},
  author={Van der Walt, Stefan and Sch{\"o}nberger, Johannes L and Nunez-Iglesias, Juan and Boulogne, Fran{\c{c}}ois and Warner, Joshua D and Yager, Neil and Gouillart, Emmanuelle and Yu, Tony},
  journal={PeerJ},
  volume={2},
  pages={e453},
  year={2014},
  publisher={PeerJ Inc.}
}
@inproceedings{kennedy2011analytical,
  title={Analytical and Experimental Validation of Electromagnetic Simulations Using {COMSOL}{\textregistered}, re Inductance, Induction Heating and Magnetic Fields},
  author={Kennedy, Mark W and Akhtar, Shahid and Bakken, Jon Arne and Aune, Ragnhild E},
  booktitle={COMSOL Users Conference, Stuttgart Germany},
  year={2011}
}
@article{peroz2009nanoimprint,
  title={Nanoimprint Lithography on silica sol-gels: a simple route to sequential patterning},
  author={Peroz, Christophe and Chauveau, Vanessa and Barthel, Etienne and S{\o}nderg{\aa}rd, Elin},
  journal={Advanced Materials},
  volume={21},
  number={5},
  pages={555--558},
  year={2009},
  publisher={Wiley Online Library}
}
@Article{saiz04,
  author    = {Saiz, E. and Tomsia, A.~P.},
  title     = {Atomic dynamics and Marangoni films during liquid-metal spreading},
  journal   = {Nature Materials},
  year      = {2004},
  volume    = {3},
  number    = {12},
  pages     = {903--909},
  month     = {nov},
  doi       = {10.1038/nmat1252},
  file      = {:C\:\\Users\\Lazzari\\Documents\\Biblio_RL\\Growth_coalescence\\2004_Saiz_NatureMat_spreading_metal.pdf:PDF},
  publisher = {Springer Nature},
  url       = {https://doi.org/10.1038%2Fnmat1252},
}
@article{yang2015optical,
  title={Optical dielectric function of silver},
  author={Yang, Honghua U and D'Archangel, Jeffrey and Sundheimer, Michael L and Tucker, Eric and Boreman, Glenn D and Raschke, Markus B},
  journal={Physical Review B},
  volume={91},
  number={23},
  pages={235137},
  year={2015},
  publisher={APS}
}
@ARTICLE{lazzari02d,
  author = {Lazzari, R. and Roux, S. and Simonsen, I. and Jupille, J. and Bedeaux,
	D. and Vlieger, J.},
  title = {{Multipolar} optical absorptions in supported metallic particles:
	the case of {A}g/{A}l$_2${O}$_3$(0001)},
  journal = {Physical Review B},
  year = {2002},
  volume = {65},
  pages = {235424-1}
}
@ARTICLE{lazzari03,
  author = {Lazzari, R. and Simonsen, I. and Jupille, J.},
  title = {Onset of charge localisation on coupling multipolar absorption modes
	in supported silver particles},
  journal = {Europhysics Letters},
  year = {2003},
  volume = {61},
  pages = {541-546},
  number = {4}
}
@article{weygand1998vertex,
  title={A vertex dynamics simulation of grain growth in two dimensions},
  author={Weygand, D and Brechet, Y and Lepinoux, J},
  journal={Philosophical Magazine B},
  volume={78},
  number={4},
  pages={329--352},
  year={1998},
  publisher={Taylor \& Francis}
}
